<collection xmlns="http://www.loc.gov/MARC21/slim">
<record>
  <leader>02440nam0a22004451i 450 </leader>
  <controlfield tag="001">IT\ICCU\CNCE\023427</controlfield>
  <controlfield tag="005">20170726000000.0</controlfield>
  <datafield tag="012" ind1=" " ind2=" ">
    <subfield code="a">t,e- t,s, t.e- uech (3) 1594 (Q)</subfield>
    <subfield code="2">fei</subfield>
  </datafield>
  <datafield tag="100" ind1=" " ind2=" ">
    <subfield code="a">19970703f1594        0itac0103    ba</subfield>
  </datafield>
  <datafield tag="101" ind1=" " ind2=" ">
    <subfield code="a">LAT</subfield>
  </datafield>
  <datafield tag="102" ind1=" " ind2=" ">
    <subfield code="a">IT</subfield>
  </datafield>
  <datafield tag="200" ind1="1" ind2=" ">
    <subfield code="a">℗Ecclesiae Lucensis ℗Constitutiones pluribus frequentibus synodis latae, et ad compendium relatae iussu Alexandri Vidicionij episcopi denuo editae</subfield>
  </datafield>
  <datafield tag="210" ind1=" " ind2=" ">
    <subfield code="a">Lucae</subfield>
    <subfield code="c">apud Vincentium Busdraghium</subfield>
    <subfield code="c">ad instantiam Octauiani Guidobonij</subfield>
    <subfield code="d">\1594?!</subfield>
  </datafield>
  <datafield tag="215" ind1=" " ind2=" ">
    <subfield code="a">\8!, 183, \9! p.</subfield>
    <subfield code="d">4ʻ</subfield>
  </datafield>
  <datafield tag="300" ind1=" " ind2=" ">
    <subfield code="a">Per la data cfr.: L. Matteucci, Saggio di un catalogo delle Edizioni Lucchesi di Vincenzo Busdrago (1549-1605), 19 (1918), p. 34, n. 140</subfield>
  </datafield>
  <datafield tag="620" ind1=" " ind2=" ">
    <subfield code="a">IT</subfield>
    <subfield code="d">Lucca</subfield>
  </datafield>
  <datafield tag="710" ind1="0" ind2="2">
    <subfield code="a">Lucca</subfield>
    <subfield code="c"> &lt;Diocesi&gt;</subfield>
    <subfield code="3">6705</subfield>
  </datafield>
  <datafield tag="702" ind1=" " ind2="1">
    <subfield code="a">Guidiccioni,</subfield>
    <subfield code="b">Alessandro</subfield>
    <subfield code="3">IT\ICCU\CNCA\006377</subfield>
  </datafield>
  <datafield tag="712" ind1="0" ind2="0">
    <subfield code="a">Busdraghi, Vincenzo</subfield>
    <subfield code="3">IT\ICCU\CNCT\000371</subfield>
    <subfield code="4">650</subfield>
  </datafield>
  <datafield tag="712" ind1="0" ind2="0">
    <subfield code="a">Guidoboni, Ottaviano</subfield>
    <subfield code="3">IT\ICCU\CNCT\001847</subfield>
    <subfield code="4">650</subfield>
  </datafield>
  <datafield tag="791" ind1="0" ind2="2">
    <subfield code="a">Ecclesia Lucensis</subfield>
    <subfield code="3">20563</subfield>
    <subfield code="z">Lucca &lt;Diocesi&gt;</subfield>
  </datafield>
  <datafield tag="790" ind1=" " ind2="1">
    <subfield code="a">Guidiccionus,</subfield>
    <subfield code="b">Alexander</subfield>
    <subfield code="3">IT\ICCU\CNCA\019906</subfield>
    <subfield code="z">Guidiccioni, Alessandro</subfield>
  </datafield>
  <datafield tag="790" ind1=" " ind2="1">
    <subfield code="a">Vidicionius,</subfield>
    <subfield code="b">Alexander</subfield>
    <subfield code="3">IT\ICCU\CNCA\026128</subfield>
    <subfield code="z">Guidiccioni, Alessandro</subfield>
  </datafield>
  <datafield tag="791" ind1="0" ind2="0">
    <subfield code="a">Busdragus, Vincentius</subfield>
    <subfield code="3">IT\ICCU\CNCT\004793</subfield>
    <subfield code="z">Busdraghi, Vincenzo</subfield>
  </datafield>
  <datafield tag="791" ind1="0" ind2="0">
    <subfield code="a">Busdrago, Vincenzo</subfield>
    <subfield code="3">IT\ICCU\CNCT\004794</subfield>
    <subfield code="z">Busdraghi, Vincenzo</subfield>
  </datafield>
  <datafield tag="791" ind1="0" ind2="0">
    <subfield code="a">Busdragho, Vincenzo</subfield>
    <subfield code="3">IT\ICCU\CNCT\004795</subfield>
    <subfield code="z">Busdraghi, Vincenzo</subfield>
  </datafield>
  <datafield tag="791" ind1="0" ind2="0">
    <subfield code="a">Busdracus, Vincentius</subfield>
    <subfield code="3">IT\ICCU\CNCT\004796</subfield>
    <subfield code="z">Busdraghi, Vincenzo</subfield>
  </datafield>
  <datafield tag="791" ind1="0" ind2="0">
    <subfield code="a">Busdrachius, Vincentius</subfield>
    <subfield code="3">IT\ICCU\CNCT\004797</subfield>
    <subfield code="z">Busdraghi, Vincenzo</subfield>
  </datafield>
  <datafield tag="791" ind1="0" ind2="0">
    <subfield code="a">Guidobonus, Octavianus</subfield>
    <subfield code="3">IT\ICCU\CNCT\005091</subfield>
    <subfield code="z">Guidoboni, Ottaviano</subfield>
  </datafield>
  <datafield tag="801" ind1=" " ind2="3">
    <subfield code="a">IT</subfield>
    <subfield code="b">ICCU</subfield>
    <subfield code="c">20201114</subfield>
  </datafield>
  <datafield tag="899" ind1=" " ind2=" ">
    <subfield code="a">Biblioteca universitaria. Cagliari</subfield>
    <subfield code="1">CA0194</subfield>
    <subfield code="2">CAG UC</subfield>
  </datafield>
  <datafield tag="899" ind1=" " ind2=" ">
    <subfield code="a">Biblioteca Apostolica Vaticana. Citt ̉del Vaticano</subfield>
    <subfield code="1">EX0001</subfield>
    <subfield code="2">ZCV 01</subfield>
  </datafield>
  <datafield tag="899" ind1=" " ind2=" ">
    <subfield code="a">Biblioteca provinciale dei Cappuccini. Firenze</subfield>
    <subfield code="1">FI0041</subfield>
    <subfield code="2">RT1 PC</subfield>
  </datafield>
  <datafield tag="899" ind1=" " ind2=" ">
    <subfield code="a">Biblioteca nazionale centrale. Firenze</subfield>
    <subfield code="1">FI0098</subfield>
    <subfield code="2">CFI CF</subfield>
  </datafield>
  <datafield tag="899" ind1=" " ind2=" ">
    <subfield code="a">Biblioteca statale. Lucca</subfield>
    <subfield code="1">LU0022</subfield>
    <subfield code="2">LUA BL</subfield>
  </datafield>
  <datafield tag="899" ind1=" " ind2=" ">
    <subfield code="a">Biblioteca nazionale Vittorio Emanuele III. Napoli</subfield>
    <subfield code="1">NA0079</subfield>
    <subfield code="2">NAP BN</subfield>
  </datafield>
  <datafield tag="899" ind1=" " ind2=" ">
    <subfield code="a">Biblioteca capitolare. Pescia</subfield>
    <subfield code="1">PT0016</subfield>
    <subfield code="2">ZPT 08</subfield>
  </datafield>
  <datafield tag="899" ind1=" " ind2=" ">
    <subfield code="a">Biblioteca Mater Dei. Roma</subfield>
    <subfield code="1">RM0582</subfield>
    <subfield code="2">PBE A0</subfield>
  </datafield>
  <datafield tag="899" ind1=" " ind2=" ">
    <subfield code="a">Collezione privata Tiezzi Mazzoni Della Stella Maestri. Torrita di Siena</subfield>
    <subfield code="1">SI0161</subfield>
    <subfield code="2">ZSI 14</subfield>
  </datafield>
  <datafield tag="899" ind1=" " ind2=" ">
    <subfield code="a">Biblioteca civica Ubaldo Mazzini. Fondi antichi. La Spezia</subfield>
    <subfield code="1">SP0110</subfield>
    <subfield code="2">LI2 L8</subfield>
  </datafield>
</record>
</collection>
